% This file was created with JabRef 2.10.
% Encoding: Cp1252


@Article{bohn2014,
  Title                    = {Long-lived complexes and chaos in ultracold molecular collisions},
  Author                   = {Croft, James F. E. and Bohn, John L.},
  Journal                  = {Physics Letters A},
  Year                     = {2014},
  Volume                   = {89},

  Owner                    = {AndreiHoria},
  Timestamp                = {2017.12.16}
}

@Article{dattani2011,
  Author                   = {Dattani, N. S. and Roy, R. J. L.},
  Journal                  = {Journal of Molecular Spectroscopy},
  Year                     = {2011},
  Volume                   = {68},

  Owner                    = {AndreiHoria},
  Timestamp                = {2017.12.16}
}

@Article{mandelbrot1967,
  Author                   = {Mandelbrot, B.},
  Journal                  = {Science},
  Year                     = {1967},
  Volume                   = {636},

  Owner                    = {AndreiHoria},
  Timestamp                = {2017.12.16}
}

@Article{mcdonald1985,
  Author                   = {McDonald, S. W. and Grebogi, C. and Ott, E. and Yorke, J. A.},
  Journal                  = {Physica D},
  Year                     = {1985},
  Number                   = {125},
  Volume                   = {17},

  Owner                    = {AndreiHoria},
  Timestamp                = {2017.12.16}
}

@Article{xie2009,
  Author                   = {Xie, F. and Sovkov, V. B. and Lyyra, A. M. and Li, D. and Ingram, S. and Bai, J. and Ivanov, V. S. and Magnier, S. and Li, L.},
  Journal                  = {Journal of Chemical Physics},
  Year                     = {2009},
  Volume                   = {130},

  Owner                    = {AndreiHoria},
  Timestamp                = {2017.12.16}
}

@Misc{elec_website,
  Note                     = {\url{http://www-personal.umich.edu/~mejn/election/2012/}}
}

